%% This BibTeX bibliography file was created using BibDesk.
%% http://bibdesk.sourceforge.net/


@article{huff2015resilient,
  title={How resilient is the United States’ food system to pandemics?},
  author={Huff, Andrew G and Beyeler, Walter E and Kelley, Nicholas S and McNitt, Joseph A},
  journal={Journal of environmental studies and sciences},
  volume={5},
  number={3},
  pages={337--347},
  year={2015},
  publisher={Springer}}

@article{galanakis2020food,
  title={The Food Systems in the Era of the Coronavirus (COVID-19) Pandemic Crisis},
  author={Galanakis, Charis M},
  journal={Foods},
  volume={9},
  number={4},
  pages={523},
  year={2020},
  publisher={Multidisciplinary Digital Publishing Institute}}

@article{barrett2010,
  title={Measuring food insecurity},
  author={Barrett, Christopher B},
  journal={Science},
  volume={327},
  number={5967},
  pages={825--828},
  year={2010},
  publisher={American Association for the Advancement of Science}}


@incollection{shaw2007world,
  title={World Food Summit, 1996},
  author={Shaw, D John},
  booktitle={World Food Security},
  pages={347--360},
  year={2007},
  publisher={Springer}}
  
  @article{world2009global,
  title={Global prevalence of vitamin A deficiency in populations at risk 1995-2005: WHO global database on vitamin A deficiency},
  author={World Health Organization and others},
  year={2009},
  publisher={World Health Organization}}
  
  
@article{webb2006,
  title={Measuring household food insecurity: why it's so important and yet so difficult to do},
  author={Webb, Patrick and Coates, Jennifer and Frongillo, Edward A and Rogers, Beatrice Lorge and Swindale, Anne and Bilinsky, Paula},
  journal={The Journal of nutrition},
  volume={136},
  number={5},
  pages={1404S--1408S},
  year={2006},
  publisher={Oxford University Press}}

@article{kaplan2019siri,
  title={Siri, Siri, in my hand: Who’s the fairest in the land? On the interpretations, illustrations, and implications of artificial intelligence},
  author={Kaplan, Andreas and Haenlein, Michael},
  journal={Business Horizons},
  volume={62},
  number={1},
  pages={15--25},
  year={2019},
  publisher={Elsevier}}
  
  @article{moreira1998,
  title={Produ{ç}{ã}o e Opera{ç}{õ}es},
  author={Moreira, Daniel Augusto},
  journal={S{ã}o Paulo: Pioneira},
  year={1998}}
  
  @misc{unifesp_Alimentacao, 
  title={Política de Alimentação},
  url={https://www.unifesp.br/reitoria/prae/institucional/documentos/politica-de-alimentacao}, 
  publisher={Pró-Reitoria de Assuntos Estudantis}, 
  author={UNIFESP}, 
  year={2020}} 
  
  @PhdThesis{Almeida2013,
author = {Almeida, Victor Andrade de},
title={Previsão De Carga Através De Modelos Neuro-fuzzy.},
school = {Universidade Federal do Rio de Janeiro},
year = {2013},
url={http://monografias.poli.ufrj.br/monografias/monopoli10007620.pdf},
pages={91}}

@MastersThesis{Bocanegra2002,
author={Bocanegra, Charlie Williams Rengifo},
title={Procedimentos para tornar mais efetivo o uso das redes neurais artififciais em planejamento de transportes},
school = {Universidade de São Paulo},
year = {2002},
pages = {108},
OPTkey = {Logística;RNA}}

@book{Braga2000,
	Title = {Redes neurais artificiais: teoria e aplicações},
    Author = {Braga, A. de P.; Carvalho, A. P. L. F.; LUDERMIR},
    Year = {2000},
    publisher={Livros técnicos e científicos}}
    
    @book{Clarice2011,
	Title = {Modelos de Regressão},
    Author = {Clarice, G.B. Demétrio; Zocchi, Silvio S.},
    Year = {2011},
    publisher={Departamento de Ciências Exatas, ESALQ, USP}}
    
@article{Fapesp192,
  title={Recontagem de neurônios põe em xeque ideias da neurociência},
  author={Ricardo Zorzetto},
  journal={Revista Fapesp 192},
  volume={1},
  number={1},
  pages={6},
  year={2012},
  publisher={Fapesp}}
  
  @PhdThesis{Flavia2014,
author = {Mariano, Flávia Cristina M. Q.},
title = {Redes Neurais na predição de valores energéticos de alimentos para aves},
school = {Universidade Federal de Lavras},
year = {2014},
pages={130},
OPTkey = {Consumo;RNA}}

@book{Hanke2001,
	title = {Business forecasting. 7.ed},
	author = {HANKE, John E.; WICHERN, Dean W.; REITSCH, Arthur G.},
	year = {2001},
	publisher={New York: Prentice Hall}}
	
@book{Haykin1994,
	title = {Redes Neurais, Princípios e Práticas, 2nd Ed.},
    author = {Haykin, Simon},
    year = {2007},
    publisher={Bookman}}
    
    @MastersThesis{Junior2007,
author={Junior, A. M.},
title={Análise de métodos de previsão de demanda baseados em séries temporais em
uma empresa do setor de perfumes e cosméticos.},
school= {Pontifícia Universidade do Paraná. Curitiba},
year = {2007},
OPTkey = {Consumo;RNA}}

@article{Landim2016,
  title={Análise De Demanda No Restaurante Universitário Do Instituto De Ciência E Tecnologia Da Unifesp - Universidade Federal De São Paulo.},
  author={Landim, Douglas Diniz},
  journal={Projeto da Disciplina de Simulação de Sistemas},
  url={https://github.com/ddlandim/monografy-ann-demand-prediction/tree/master/referencias},
  volume={1},
  number={1},
  pages={6},
  year={2016},
  OPTkey = {Consumo;RNA},
  publisher={Universidade Federal de São Paulo}}
  
  @article{Lopes2008,
  title={Modelos Para Previsão De Demanda No Restaurante Universitário Utilizando Técnicas De Redes Neurais.},
  author={Lopes, L.C},
  journal={Congresso Nacional De Excelência Em Gestão.Universidade Federal De Viçosa.},
  url={http://www.novoscursos.ufv.br/projetos/ufv/gesep/www/wp-content/uploads/5.},
  volume={IV},
  number={1},
  pages={14},
  year={2008},
  OPTkey = {Consumo;RNA},
  publisher={Universidade Federal De Viçosa}}
  
  @book{Luger2004,
    title = {Inteligência Artificial. Estruturas e Estratégias para a Solução de Problemas Complexos,4a ed},
    author = {Luger, George F},
    year = {2004},
    publisher={Porto Alegre: Bookman}}
    
    @book{Morettin1987,
	Title = {Análise de séries temporais},
    Author = {Morettin, Pedro A.},
    Year = {1987},
    publisher={Editora Blucher}}
    
    @inproceedings{Muhammad2014, 
  author={Bryan, Kolb; Arif, Muhammad}, 
  booktitle={FRONTIERS IN HUMAN NEUROSCIENCE}, 
  title={Harnessing the power of neuroplasticity for intervention},
  year={2014}, 
  pages={13},  
  doi={10.3389/fnhum.2014.00377}, 
  month={June}}
  
  @article{Rocha2011,
  title={Utilização De Redes Neurais Artificiais Para A Determinação Do Números De Refeições Diárias De Um Restaurante Universitário.},
  author={ José Celso Rocha and Felipe Delestro Matos and  Fernando Frei},
  journal={Rev. Nutr., Campinas},
  volume={},
  number={1},
  pages={8},
  year={2011},
  OPTkey = {Consumo;RNA},
  publisher={Universidade Estadual Paulista Júlio de Mesquita Filho.}}
  
  @article{Ruas2012,
  title={Previsão de Demanda de Energia Elétrica Utilizando Redes Neurais Artificiais e Support Vector Regression},
  author={Ruas, Gabriel I.S. et.al. [S.l]},
  journal={Copel Distribuição S/A (COPEL)},
  url={http://www.dcc.fc.up.pt/~ines/enia07_html/pdf/27927.pdf},
  volume={1},
  number={1},
  pages={10},
  year={2012},
  OPTkey = {Carga;RNA},
  publisher={Universidade Federal do Paraná(UFPR)}}
  
  @article{MCAI,
author = {{MC AI}},
Date-Added = {2019-06-12 00:00:00 -0000},
Date-Modified = {2019-06-12 00:00:00 -0000},
Keywords = {activation functions},
Lastchecked = {3 oct. 2020},
Note = {Access date: 3 oct. 2020},
Organization = {MC.AI},
Title = {Overview},
Url =
{https://mc.ai/complete-guide-of-activation-functions/},
Urldate = {3 oct. 2020},
Year = {2020}}

@article{Silva2010,
  title={Metodologia Para Previsão De Demanda De Energia Elétrica Em Curtíssimo Prazo Baseada Em Um Modelo Probabilístico Discreto},
  author={Silva, C.V.M et. al.},
  journal={Desenvolvimento de Algoritmos e Software para Previsão de Carga na Área de Concessão da MuxEnergia - Horizonte de Curtíssimo Prazo},
  howpublished = {\url{http://alegrete.unipampa.edu.br/gesep/wp-content/uploads/2010/05/Previs%C3A3o-dedemanda-utiilizando-m%C3A9todo-de-Markov_Final.pdf}},
  volume={1},
  number={1},
  pages={4},
  year={2010},
  OPTkey = {Carga;RNA},
  publisher={Universidade Federal do Pampa - UNIPAMPA}}
  
  @Booklet{SMOLA1998,
title = {Nonlinear component analysis as a kernel eigenvalue problem. Neural computation},
OPTkey = {MIT},
OPTauthor = {SCHÖLKOPF, Bernhard; SMOLA, Alexander; MÜLLER, Klaus-Robert},
OPThowpublished = {Massachusetts Institute of Technology},
OPTaddress = {http://citeseerx.ist.psu.edu/viewdoc/download?doi=10.1.1.3.6497&rep=rep1&type=pdf},
OPTmonth = {October},
OPTyear = {1998},
OPTnote = {Neural Computation 10, 1299–1319 (1998)}}


@article{DLB,
Author = {{Data Science Academy}},
Date-Added = {2019-09-01 00:00:00 -0000},
Date-Modified = {2019-09-01 00:00:00 -0000},
Keywords = {activation functions},
Lastchecked = {3 oct. 2020},
Note = {Access date: 3 oct. 2020},
Organization = {Data Science Academy},
Title = {Deep Learning Book},
Url =
{http://deeplearningbook.com.br/arquitetura-de-redes-neurais-gated-recurrent-unit-gru/},
Urldate = {3 oct. 2020},
Year = {2020}}


@article{MLM,
Author = {Brownlee, Jason},
Date-Added = {2017-07-03 00:00:00 -0000},
Date-Modified = {2017-07-03 00:00:00 -0000},
Keywords = {Optimization for Deep Learning},
Lastchecked = {3 oct. 2020},
Note = {Access date: 3 oct. 2020},
Organization = {Machine Learning Mastery},
Title = {Ebook Machine Learning Mastery},
Url =
{https://machinelearningmastery.com/adam-optimization-algorithm-for-deep-learning/},
Urldate = {3 oct. 2020},
Year = {2020}}

@PhdThesis{Batista,
author = {Batista, Gustavo Enrique de Almeida Prado Alves},
title = {Pré-processamento de dados em aprendizado de máquina supervisionado},
school = {Instituto de Ciências Matemáticas e de Computação USP},
year = {2013},
OPTkey = {Consumo;RNA}}   


@article{TWDSFeatures,
Author = {Rebecca Vickery},
Date-Added = {2020-04-28 00:00:00 -0000},
Date-Modified = {2020-04-28 00:00:00 -0000},
Keywords = {Features, DataScience},
Lastchecked = {7 oct. 2020},
Note = {Access date: 7 oct. 2020},
Organization = {Towards Data Science},
Title = {The Art of Finding the Best Features for Machine Learning},
Url =
{https://towardsdatascience.com/the-art-of-finding-the-best-features-for-machine-learning-a9074e2ca60d},
Urldate = {7 oct. 2020},
Year = {2020}}
    
    @misc{defts,
    author ={  Victor Hugo Davila},
    title= {Introdução às Séries Temporais},
    year ={201-},
    url= {https://www.ime.unicamp.br/~hlachos/MaterialSeries.pdf},
    howpublished = {Diapositivas}}
    
    @misc{tecnicas1,
    url= {   https://sites.icmc.usp.br/ehlers/stemp/cap2.pdf},
    author ={R. Ehlers  },
    year ={2009},
    title={Análise de Séries Temporais}, 
    chapter= {2 e 3}}
    

@article{lstm,
author = {Hochreiter, Sepp and Schmidhuber, Jürgen},
title = {Long Short-Term Memory},
journal = {Neural Computation},
volume = {9},
number = {8},
pages = {1735-1780},
year = {1997},
doi = {10.1162/neco.1997.9.8.1735}}

    @MastersThesis{lemos,
author={Eliane Lemos},
title={Análise  de  crédito  bancário  com  uso  de  data  mining:  Redes Neurais e Árvores de Decisão},
school= {Universidade Federal do Paraná},
year = {2003}}

@article{perceptron, 
author={F Rosenblatt},
year={1958},
title={The perceptron: A probabilistic model for information storage and organization in the brain},
journal={Psychological Review}, volume= {65}, pages={386–408}, doi={https://doi.org/10.1037/h0042519} }

@book{perceptrons2,
  address = {Cambridge, MA, USA},
  author = {M Minsky  and S Papert},
  publisher = {MIT Press},
  title = {Perceptrons: An Introduction to Computational Geometry},
  year = 1969
}


@article{rede1,
author = {Rumelhart, D. and Hinton, G. and Mcclelland, James},
year = {1986},
title = {A General Framework for Parallel Distributed Processing},
volume = {1},
journal = {Parallel Distributed Processing: Explorations in the Microstructure of Cognition}}

@inproceedings{crossvalidation, 
author={R Kohavi},
title ={Study of cross-validation and bootstrap for accuracy estimation and model selection}, 
booktitle = {Proceedings of the International Joint Conference on Artificial Intelligence (IJCAI)}, 
pages ={ 1137–1143}, year={1995}}

@article{backp, 
author = {D  Rumelhart and G Hinton and R. Williams}, title={ Learning representations by back-propagating errors}, 
journal={ Nature}, 
volume={ 323},
pages={533–536},
year ={1986}, doi={https://doi.org/10.1038/323533a0}}

@article{mcculloch43a,
  added-at = {2008-02-26T11:58:58.000+0100},
  author = {Mcculloch, Warren and Pitts, Walter},
  biburl = {https://www.bibsonomy.org/bibtex/26fbacb0ae04bc17d296d9265dfc90dff/schaul},
  citeulike-article-id = {2380493},
  description = {idsia},
  interhash = {3e8e0d06f376f3eb95af89d5a2f15957},
  intrahash = {6fbacb0ae04bc17d296d9265dfc90dff},
  journal = {Bulletin of Mathematical Biophysics},
  keywords = {evolutionary},
  pages = {127--147},
  doi = {https://doi.org/10.1007/BF02478259},
  priority = {2},
  timestamp = {2008-02-26T12:00:58.000+0100},
  title = {A Logical Calculus of Ideas Immanent in Nervous Activity},
  volume = 5,
  year = 1943,
  doi = {https://doi.org/10.1007/BF02478259}
}


@inproceedings{gru,
title = {Learning phrase representations using RNN encoder-decoder for statistical machine translation},
author = { Cho Kyunghyun and B {van Merrienboer} and  Gulcehre Caglar and F Bougares and H Schwenk and  Bengio Yoshua},
year = {2014},
booktitle = {Conference on Empirical Methods in Natural Language Processing (EMNLP)}}

@misc{dropout,
      title={Improving neural networks by preventing co-adaptation of feature detectors}, 
      author={Geoffrey E. Hinton and Nitish Srivastava and Alex Krizhevsky and Ilya Sutskever and Ruslan R. Salakhutdinov},
      year={2012},
      eprint={1207.0580},
      archivePrefix={arXiv}}
      
      @article{dropoutapp,
author = {Srivastava, Nitish and Hinton, Geoffrey and Krizhevsky, Alex and Sutskever, Ilya and Salakhutdinov, Ruslan},
year = {2014},
month = {06},
pages = {1929-1958},
title = {Dropout: A Simple Way to Prevent Neural Networks from Overfitting},
volume = {15},
journal = {Journal of Machine Learning Research}}